<record><leader>00000cas a22000007a 4500</leader><controlfield tag="001">20401492</controlfield><controlfield tag="008">890927c198u9999pauwr ne      0    0eng d</controlfield><datafield ind1=" " ind2=" " tag="010"><subfield code="a">sn 89077318 </subfield></datafield><datafield ind1=" " ind2=" " tag="040"><subfield code="a">NPH</subfield><subfield code="b">eng</subfield><subfield code="c">NPH</subfield><subfield code="d">OCLCQ</subfield></datafield><datafield ind1=" " ind2=" " tag="042"><subfield code="a">msc</subfield></datafield><datafield ind1="0" ind2=" " tag="130"><subfield code="a">Southern Chester County times (Kennett Square, Pa. : Kennett ed.)</subfield></datafield><datafield ind1="1" ind2="0" tag="245"><subfield code="a">Southern Chester County times.</subfield></datafield><datafield ind1=" " ind2=" " tag="250"><subfield code="a">Kennett ed.</subfield></datafield><datafield ind1=" " ind2=" " tag="260"><subfield code="a">Kennett Square, Pa. :</subfield><subfield code="b">Community Service Pub.</subfield></datafield><datafield ind1=" " ind2=" " tag="300"><subfield code="a">v. :</subfield><subfield code="b">ill. ;</subfield><subfield code="c">35 cm.</subfield></datafield><datafield ind1=" " ind2=" " tag="310"><subfield code="a">Weekly</subfield></datafield><datafield ind1=" " ind2=" " tag="588"><subfield code="a">Description based on: Vol. 5, no. 23 (Aug. 2, 1989).</subfield></datafield><datafield ind1=" " ind2=" " tag="752"><subfield code="a">United States</subfield><subfield code="b">Pennsylvania</subfield><subfield code="c">Chester</subfield><subfield code="d">Kennett Square.</subfield></datafield><datafield ind1="0" ind2=" " tag="775"><subfield code="t">Southern Chester County times (Kennett Square, Pa. : Oxford ed.)</subfield><subfield code="w">(DLC)sn 89077317</subfield></datafield><datafield ind1="0" ind2=" " tag="775"><subfield code="t">Village news (Coatesville, Pa.)</subfield></datafield><datafield ind1="0" ind2=" " tag="775"><subfield code="t">Record (Coatesville, Pa.)</subfield><subfield code="w">(DLC)sn 87080646</subfield></datafield><datafield ind1="0" ind2=" " tag="775"><subfield code="t">Tri-County shoppers news</subfield><subfield code="w">(DLC)sn 79019340</subfield></datafield></record>